@InBook{bredon93,
  author =       "Glen E. Bredon",
  title =        "Topology and Geometry",
  year =         "1993",
  publisher =    "Springer",
  pages =        "1--25",
  ISBN =         "0-387-97926-3",
  ISBN =         "3-540-97926-3",
}

@Book{armstrong83,
  author =       "M. A. Armstrong",
  title =        "Basic Topology",
  year =         "1983",
  publisher =    "Springer",
  ISBN =         "0-387-90839-0",
}

@InBook{viro03,
  author =       "O. Ya. Viro",
  title =        "Elementary topology, textbook in problems",
  year =         "2003",
  URL =          "http://www.math.uu.se/\textasciitilde
                 oleg/educ-texts.html",
  note =         "http://www.math.uu.se/\textasciitilde
                 oleg/educ-texts.html",
  chapter =      "1-15",
}

@InBook{janich84,
  author =       "Klaus Jänich",
  title =        "Topology",
  year =         "1984",
  chapter =      "10",
  publisher =    "Springer",
  ISBN =         "0-387-90892-7",
  ISBN =         "3-540-90892-7",
}

@Book{dugundji66,
  author =       "James Dugundji",
  title =        "Topology",
  year =         "1966",
  publisher =    "Allyn and Bacon",
}

@Misc{mathfaq,
  title =        "{F}requently {A}sked {Q}uestions in {M}athematics",
  editor =       "Alex López-Ortis",
  URL =          "\texttt{http://db.uwaterloo.ca/\textasciitilde
                 alopez-o/math-faq/}",
  note =         "http://db.uwaterloo.ca/\textasciitilde
                 alopez-o/math-faq/",
  year =         "1997",
  key =          "{F}requently {A}sked {Q}uestions in {M}athematics",
}

@Misc{mactutor,
  title =        "The {M}ac{T}utor {H}istory of {M}athematics archive",
  author =       "Edmund F. Robertson and John J. O'Connor",
  URL =          "http://www-history.mcs.st-andrews.ac.uk/history/index.html",
  note =         "http://www-history.mcs.st-andrews.ac.uk/history/index.html",
  year =         "2003",
}

@Article{tychonoff30,
  title =        "Über die topologische {E}rweiterung von {R}äumen",
  author =       "Andrey Nikolayevich Tychonoff",
  year =         "1930",
  journal =      "Math. Annalen",
  pages =        "544--561",
}

@InBook{katz98,
  title =        "A history of {M}athematics - An Introduction",
  author =       "Victor J. Katz",
  year =         "1998",
  edition =      "Second",
  chapter =      "18.2",
  ISBN =         "0-321-01618-1",
  publisher =    "Addison--Wesley",
}

@Book{kreyszig78,
  author =       "Erwin Kreyszig",
  title =        "Introductory functional analysis with applications",
  year =         "1978",
  ISBN =         "0-471-50731-8",
  ISBN =         "0-471-50459-9",
  publisher =    "John Wiley \& Sons",
}

@Misc{worldofmath,
  title =        "Eric Weisstein's world of {M}athematics",
  author =       "Eric W. Weisstein",
  URL =          "http://mathworld.wolfram.com/",
  note =         "http://mathworld.wolfram.com/",
  year =         "2003",
}

@InBook{baker84,
  author =       "Alan Baker",
  title =        "A concise introduction to the theory of numbers",
  year =         "1984",
  publisher =    "Cambridge University Press",
  chapter =      "6",
  chapter =      "8",
  ISBN =         "0-521-28654-9",
}

@InBook{hardy79,
  author =       "G. H. Hardy and E. M. Wright",
  title =        "An introduction to the theory of numbers",
  publisher =    "Oxford University Press",
  year =         "1979",
  edition =      "Fifth",
  chapter =      "10-11",
  ISBN =         "0-19-853171-0",
}

@InBook{davenport99,
  author =       "H. Davenport",
  title =        "The higher arithmetic",
  year =         "1999",
  edition =      "Seventh",
  publisher =    "Cambridge University Press",
  chapter =      "4",
  ISBN =         "0-521-63446-6",
  ISBN =         "0-521-63269-2",
}

@InBook{stark78,
  author =       "Harold M. Stark",
  title =        "An introduction to number theory",
  year =         "1978",
  publisher =    "MIT Press",
  chapter =      "7",
  ISBN =         "0-262-69060-8",
}

@InBook{riesel94,
  author =       "Hans Riesel",
  title =        "Prime Numbers and Computer Methods for Factorization",
  year =         "1994",
  publisher =    "Birkhäuser Boston",
  chapter =      "A8",
  ISBN =         "0-8176-3743-5",
  isnb =         "3--7643--3743--5",
}

@Book{wall73,
  author =       "H. S. Wall",
  title =        "Analytic theory of continued fractions",
  year =         "1973",
  publisher =    "Chelsea publishing company",
  ISBN =         "0-8248-0207-8",
}

@Article{wiener89,
  author =       "Michael J. Wiener",
  title =        "Cryptanalysis of Short {RSA} Secret Exponents",
  year =         "1990",
  journal =      "IEEE Transactions on Information Theory",
  pages =        "553--558",
  volume =       "36",
  number =       "3",
}

@Article{rsa78,
  author =       "Ronald Rivest and Adi Shamir and Leonard Adleman",
  title =        "A Method for Obtaining Digital Signatures and
                 Public-Key Cryptosystems",
  journal =      "Communications of the ACM",
  volume =       "21",
  year =         "1978",
  month =        feb,
  number =       "2",
  pages =        "158--164",
}

@Book{papadimitriou94,
  author =       "Christos H. Papadimitriou",
  title =        "Computational Complexity",
  publisher =    "Addison-Wesley",
  year =         "1994",
  ISBN =         "0-201-53082-1",
  month =        jan,
  edition =      "1",
}

@Book{ biggs89,
  author = 	 {Norman L. Biggs},
  title = 	 {Discrete Mathematics},
  publisher = 	 {Oxford University Press},
  year = 	 {1989},
  ISBN =         "0-19-853427-2",
}

@InBook{ bridson99,
  author = 	 {Martin R. Bridson and André Haefliger},
  title = 	 {Metric spaces of non-positive curvature},
  chapter = 	 {1},
  publisher = 	 {Springer},
  year = 	 {1999},
  pages = 	 {6--8},
  ISBN =         "3-540-64324-9",
}

@Book{ butler91,
  author = 	 {Gregory Butler},
  title = 	 {Fundamental algorithms for permutation groups},
  publisher = 	 {Springer},
  year = 	 {1991},
}

@Book{ seress03,
  author = 	 {Ákos Seress},
  title = 	 {Permutation group algorithms},
  publisher = 	 {Cambridge University Press},
  year = 	 {2003},
}

